<?xml version="1.0" encoding="UTF-8"?><record xmlns="http://www.loc.gov/MARC21/slim" xmlns:cinclude="http://apache.org/cocoon/include/1.0" xmlns:zs="http://www.loc.gov/zing/srw/">
  <leader>00399nz  a2200121n  4500</leader>
  <controlfield tag="001">n  88614112 </controlfield>
  <controlfield tag="003">DLC</controlfield>
  <controlfield tag="005">19880225091117.5</controlfield>
  <controlfield tag="008">880225n| acannaab|          |n aad |||  </controlfield>
  <datafield tag="010" ind1=" " ind2=" ">
    <subfield code="a">n  88614112 </subfield>
  </datafield>
  <datafield tag="040" ind1=" " ind2=" ">
    <subfield code="a">DLC</subfield>
    <subfield code="c">DLC</subfield>
  </datafield>
  <datafield tag="100" ind1="1" ind2="0">
    <subfield code="a">Jewell, F. F.</subfield>
  </datafield>
  <datafield tag="670" ind1=" " ind2=" ">
    <subfield code="a">nuc88-22510: Speirs, D.C. Observations on the anatomy of the hypocotyl and epicotyl ... 1976</subfield>
    <subfield code="b">(hdg. on TxCM rept.: Jewell, F. F.; usage: F.F. Jewell)</subfield>
  </datafield>
</record>